@article{Corral2010,
author = {Corral, {\'{A}}lvaro and Oss{\'{o}}, Albert and Llebot, Josep Enric},
journal = {Nature Physics},
number = {9},
pages = {693--696},
title = {{Scaling of tropical-cyclone dissipation}},
volume = {6},
year = {2010}
}

@article{Emanuel2003,
author = {Emanuel, Kerry A.},
journal = {Annual Review of Earth and Planetary Sciences},
keywords = {air-sea interaction,hurricanes,hurricanes and,hypercanes,typhoons},
number = {1},
pages = {75--104},
title = {{Tropical Cyclones}},
volume = {31},
year = {2003}
}

@article{Webster2005,
author = {Webster, P J and Holland, G J and Curry, J A and Chang, H-R},
journal = {Science (New York, N.Y.)},
number = {5742},
pages = {1844--6},
pmid = {16166514},
title = {{Changes in tropical cyclone number, duration, and intensity in a warming environment}},
volume = {309},
year = {2005}
}

%-----------------------------------------------------------------
%    PLANTILLES
%-----------------------------------------------------------------

@article{a:Xarticle,
	author    = {},
	title     = {{}},
	journal   = {},
	year      = {},
	month     = {},
	%volume    = {},
	%number    = {},
	%pages     = {},
	%note      = {},
}

@book{b:Xbook,
	author    = {},
	title     = {{}},
	publisher = {},
	%volume    = {},
	%number    = {},
	%series    = {},
	%address   = {},
	%edition   = {},
	year      = {},
	%month     = {},
	%note      = {},
}

@online{o:Xonline,
	author    = {},
	title     = {{}},
	url       = {}
}
